[gd_scene load_steps=6 format=2]

[ext_resource path="res://assets/styles/empty.tres" type="StyleBox" id=1]
[ext_resource path="res://scenes/auto_label.tscn" type="PackedScene" id=2]
[ext_resource path="res://scripts/server_list_item.gd" type="Script" id=3]
[ext_resource path="res://scenes/server_ping.tscn" type="PackedScene" id=4]

[sub_resource type="StyleBoxEmpty" id=1]

[node name="ServerListItem" type="Button"]
anchor_right = 0.702576
anchor_bottom = 0.166667
rect_min_size = Vector2( 600, 80 )
custom_styles/normal = ExtResource( 1 )
script = ExtResource( 3 )

[node name="ServerIcon" type="TextureRect" parent="."]
margin_left = 4.0
margin_top = 4.0
margin_right = 76.0
margin_bottom = 76.0

[node name="HoverNodes" type="Control" parent="."]
visible = false
self_modulate = Color( 1, 1, 1, 0.501961 )
margin_left = 4.0
margin_top = 4.0
margin_right = 76.0
margin_bottom = 76.0
mouse_filter = 1

[node name="HoverColor" type="ColorRect" parent="HoverNodes"]
self_modulate = Color( 1, 1, 1, 0.501961 )
margin_right = 72.0
margin_bottom = 72.0
mouse_filter = 1
color = Color( 0.368627, 0.364706, 0.360784, 1 )

[node name="UpIcon" type="TextureRect" parent="HoverNodes"]
margin_right = 72.0
margin_bottom = 72.0

[node name="DownIcon" type="TextureRect" parent="HoverNodes"]
margin_right = 72.0
margin_bottom = 72.0

[node name="PlayIcon" type="TextureButton" parent="HoverNodes"]
margin_right = 72.0
margin_bottom = 72.0
mouse_filter = 1

[node name="UpButton" type="Button" parent="HoverNodes"]
margin_right = 36.0
margin_bottom = 36.0
mouse_filter = 1
custom_styles/hover = SubResource( 1 )
custom_styles/pressed = SubResource( 1 )
custom_styles/focus = SubResource( 1 )
custom_styles/disabled = SubResource( 1 )
custom_styles/normal = SubResource( 1 )

[node name="DownButton" type="Button" parent="HoverNodes"]
margin_top = 36.0
margin_right = 36.0
margin_bottom = 72.0
mouse_filter = 1
custom_styles/hover = SubResource( 1 )
custom_styles/pressed = SubResource( 1 )
custom_styles/focus = SubResource( 1 )
custom_styles/disabled = SubResource( 1 )
custom_styles/normal = SubResource( 1 )

[node name="Title" parent="." instance=ExtResource( 2 )]
margin_left = 80.0
margin_top = 4.0
margin_right = 512.0
margin_bottom = 24.0
text = "Server Name"
align = 0
clip_text = true
shadow = false

[node name="Players" parent="." instance=ExtResource( 2 )]
margin_left = 440.0
margin_top = 4.0
margin_right = 560.0
margin_bottom = 24.0
custom_colors/font_color = Color( 0.666667, 0.666667, 0.666667, 1 )
text = "0/100"
align = 2
clip_text = true
shadow = false

[node name="Motd" type="RichTextLabel" parent="."]
margin_left = 80.0
margin_top = 24.0
margin_right = 592.0
margin_bottom = 72.0
mouse_filter = 1
bbcode_enabled = true

[node name="PingIcon" type="TextureRect" parent="."]
margin_left = 568.0
margin_right = 592.0
margin_bottom = 24.0

[node name="ServerPing" parent="." instance=ExtResource( 4 )]

[connection signal="mouse_entered" from="." to="." method="_on_server_list_item_mouse_entered"]
[connection signal="mouse_exited" from="." to="." method="_on_server_list_item_mouse_exited"]
[connection signal="pressed" from="HoverNodes/PlayIcon" to="." method="_on_play_icon_pressed"]
[connection signal="pressed" from="HoverNodes/UpButton" to="." method="_on_up_button_pressed"]
[connection signal="pressed" from="HoverNodes/DownButton" to="." method="_on_down_button_pressed"]
[connection signal="ServerInfo" from="ServerPing" to="." method="_on_received_info"]
